@string{ ai = "Artificial Intelligence" }
@string{ tit = "{IEEE} Transactions on Information Theory" }

@incollection{Foster2014Intro,
  author={Foster, Elvis C and Godbole, Shripad V},
  year={2014},
  title={Introduction to Database Systems},
  booktitle={Database Systems},
  booksubtitle={A Pragmatic Approach},
  publisher={Apress},
  doi={10.1007/978-1-4842-0877-9},
  isbn={978-1-4842-0878-6},
  pages={3-5}
}

