/home/mhaidarh/all/repo/hazeorid/satellid-thesis/contents/references.bib